@book{chaudhuri2008computer,
  title={Computer Organization and Design MIPS Edition},
  author={John L. Hennessy David A. Patterson.},
  year={2013},
  publisher={ Morgan Kaufmann,},
  edition={5 edition}
}
@book{newton1934principia,
  title={Philosophiae Naturalis Principia Mathematica},
  author={Newton, Isaac},
  publisher={Jussu Societatis Regiaeac Typis Josephi Streater},
  year={1687}
}