@book{navathe2010fundamentals,
  author = {Navathe, Ramez Elmasri, Shamkant B.},
  title = {Fundamentals of Database Systems},
  edition = {6th},
  publisher = {Pearson Education},
  address = {Upper Saddle River, N.J.},
  year = {2010},
  pages = {652--660},
  isbn = {9780136086208}
}

@article{comer1979ubiquitous,
  title={Ubiquitous B-tree},
  author={Comer, Douglas},
  journal={ACM Computing Surveys (CSUR)},
  volume={11},
  number={2},
  pages={121--137},
  year={1979},
  publisher={ACM New York, NY, USA}
}

@article{agrawal1987concurrency,
  title={Concurrency control performance modeling: Alternatives and implications},
  author={Agrawal, Rakesh and Carey, Michael J and Livny, Miron},
  journal={ACM Transactions on Database Systems (TODS)},
  volume={12},
  number={4},
  pages={609--654},
  year={1987},
  publisher={ACM New York, NY, USA}
}

@book{garcia2000database,
  title={Database system implementation},
  author={Garcia-Molina, Hector and Ullman, Jeffrey D and Widom, Jennifer},
  volume={672},
  year={2000},
  publisher={Prentice Hall Upper Saddle River}
}

@article{oneil1992modern,
  title={Modern B-Tree Techniques},
  author={O'Neil, Patrick E. and O'Neil, Elizabeth J. and Weikum, Gerhard},
  journal={ACM Computing Surveys (CSUR)},
  volume={24},
  number={2},
  pages={123--160},
  year={1992},
  publisher={ACM New York, NY, USA}
}

@inproceedings{bayer1972design,
  title={The design and analysis of B+ trees: A dynamic database indexing method},
  author={Bayer, Rudolf and McCreight, Edward M},
  booktitle={Proceedings of the 1972 ACM SIGFIDET (now SIGMOD) workshop on Data description, access and control},
  pages={121--141},
  year={1972},
  organization={ACM}
}
